<record><leader>00000cas a22000007a 4500</leader><controlfield tag="001">9266425</controlfield><controlfield tag="008">830301d1928197uctuwr ne      0    0eng  </controlfield><controlfield tag="009">466</controlfield><datafield ind1=" " ind2=" " tag="010"><subfield code="a">sn 82016261 </subfield></datafield><datafield ind1=" " ind2=" " tag="040"><subfield code="a">DLC</subfield><subfield code="b">eng</subfield><subfield code="c">DLC</subfield><subfield code="d">CNW</subfield><subfield code="d">OCLCO</subfield><subfield code="d">OCLCF</subfield></datafield><datafield ind1="1" ind2=" " tag="029"><subfield code="a">AU@</subfield><subfield code="b">000020394195</subfield></datafield><datafield ind1=" " ind2=" " tag="042"><subfield code="a">msc</subfield></datafield><datafield ind1="0" ind2="0" tag="050"><subfield code="a">Newspaper 7225-X</subfield></datafield><datafield ind1="0" ind2=" " tag="130"><subfield code="a">Stratford news (Stratford, Conn. : 1928)</subfield></datafield><datafield ind1="0" ind2="4" tag="245"><subfield code="a">The Stratford news.</subfield></datafield><datafield ind1="1" ind2="0" tag="246"><subfield code="a">New Stratford news</subfield></datafield><datafield ind1=" " ind2=" " tag="260"><subfield code="a">Stratford, Conn. :</subfield><subfield code="b">Stratford News, Inc.,</subfield></datafield><datafield ind1=" " ind2=" " tag="300"><subfield code="a">v. :</subfield><subfield code="b">ill. ;</subfield><subfield code="c">68 cm.</subfield></datafield><datafield ind1=" " ind2=" " tag="310"><subfield code="a">Weekly</subfield></datafield><datafield ind1="0" ind2=" " tag="362"><subfield code="a">Vol. no. 1, no. 1 (Sept. 1, 1928)-</subfield></datafield><datafield ind1=" " ind2=" " tag="500"><subfield code="a">Published as: The new Stratford news, Oct. 4-Dec. 13, 1956.</subfield></datafield><datafield ind1=" " ind2=" " tag="500"><subfield code="a">Published in Fairfield, Conn., Feb. 15, 1952-Sept. 27, 1956.</subfield></datafield><datafield ind1=" " ind2=" " tag="500"><subfield code="a">Issue for Sept. 22, 1939 called "Tercentenary anniversary edition."</subfield></datafield><datafield ind1=" " ind2=" " tag="530"><subfield code="a">Available on microfilm from New England Micrographics, Marlboro, Mass.</subfield></datafield><datafield ind1=" " ind2=" " tag="530"><subfield code="a">Also available on microfilm from Connecticut State Library, Hartford, CT.</subfield></datafield><datafield ind1=" " ind2="0" tag="651"><subfield code="a">Stratford (Conn.)</subfield><subfield code="v">Newspapers.</subfield></datafield><datafield ind1=" " ind2="7" tag="655"><subfield code="a">Newspapers.</subfield><subfield code="2">fast</subfield><subfield code="0">(OCoLC)fst01423814</subfield></datafield><datafield ind1=" " ind2="7" tag="651"><subfield code="a">Connecticut</subfield><subfield code="z">Stratford.</subfield><subfield code="2">fast</subfield><subfield code="0">(OCoLC)fst01214352</subfield></datafield><datafield ind1=" " ind2=" " tag="752"><subfield code="a">United States</subfield><subfield code="b">Connecticut</subfield><subfield code="c">Fairfield</subfield><subfield code="d">Stratford.</subfield></datafield></record>